<?xml version="1.0" encoding="UTF-8"?><record xmlns="http://www.loc.gov/MARC21/slim" xmlns:cinclude="http://apache.org/cocoon/include/1.0" xmlns:zs="http://www.loc.gov/zing/srw/">
  <leader>00482cz  a2200133n  4500</leader>
  <controlfield tag="001">n  80099098 </controlfield>
  <controlfield tag="003">DLC</controlfield>
  <controlfield tag="005">20090206080338.0</controlfield>
  <controlfield tag="008">800819n| acannaabn          |n aaa      </controlfield>
  <datafield tag="010" ind1=" " ind2=" ">
    <subfield code="a">n  80099098 </subfield>
  </datafield>
  <datafield tag="035" ind1=" " ind2=" ">
    <subfield code="a">(OCoLC)oca00480055</subfield>
  </datafield>
  <datafield tag="040" ind1=" " ind2=" ">
    <subfield code="a">DLC</subfield>
    <subfield code="b">eng</subfield>
    <subfield code="c">DLC</subfield>
    <subfield code="d">OCoLC</subfield>
  </datafield>
  <datafield tag="100" ind1="1" ind2=" ">
    <subfield code="a">Peterson, Ralph</subfield>
  </datafield>
  <datafield tag="670" ind1=" " ind2=" ">
    <subfield code="a">Workshop on Operational Applications of</subfield>
    <subfield code="b">Satellite Snowcover Observations, Sparks, Nev., 1979. Operational applications ... 1980 (a.e.) t.p. (Ralph Peterson, General Electric Company)</subfield>
  </datafield>
</record>